<?xml version="1.0" encoding="UTF-8" standalone="no"?><searchRetrieveResponse xmlns="http://www.loc.gov/zing/srw/">
  <version>1.2</version>
  <numberOfRecords>1</numberOfRecords>
  <records>
    <record>
      <recordSchema>marcxml</recordSchema>
      <recordPacking>xml</recordPacking>
      <recordData>
        <record xmlns="http://www.loc.gov/MARC21/slim">
          <leader>01315naa a2200289 c 4500</leader>
          <controlfield tag="001">991036265429705501</controlfield>
          <controlfield tag="005">20230316201204.0</controlfield>
          <controlfield tag="008">140318s2013    sz ||||| |||| 00| ||ger d</controlfield>
          <datafield ind1=" " ind2=" " tag="035">
            <subfield code="a">(swissbib)119374811-41slsp_network</subfield>
          </datafield>
          <datafield ind1=" " ind2=" " tag="035">
            <subfield code="a">119374811</subfield>
            <subfield code="9">ExL</subfield>
          </datafield>
          <datafield ind1=" " ind2=" " tag="035">
            <subfield code="a">(RERO)R007679737-41slsp</subfield>
          </datafield>
          <datafield ind1=" " ind2=" " tag="040">
            <subfield code="a">RERO frbcuc</subfield>
            <subfield code="d">CH-ZuSLS</subfield>
          </datafield>
          <datafield ind1=" " ind2=" " tag="044">
            <subfield code="a">sz</subfield>
            <subfield code="c">ch-fr</subfield>
          </datafield>
          <datafield ind1=" " ind2="7" tag="072">
            <subfield code="a">ht</subfield>
            <subfield code="2">rero</subfield>
          </datafield>
          <datafield ind1="1" ind2=" " tag="100">
            <subfield code="a">Utz Tremp, Kathrin</subfield>
            <subfield code="d">1950-....</subfield>
            <subfield code="0">(IDREF)066991870</subfield>
            <subfield code="4">cre</subfield>
          </datafield>
          <datafield ind1="1" ind2="0" tag="245">
            <subfield code="a">&lt;&lt;Eine&gt;&gt; Hagelmacherin</subfield>
            <subfield code="b">die Hexe Margreth Python von Arconciel</subfield>
            <subfield code="c">Kathrin Utz Tremp</subfield>
          </datafield>
          <datafield ind1=" " ind2=" " tag="336">
            <subfield code="b">txt</subfield>
            <subfield code="2">rdacontent</subfield>
          </datafield>
          <datafield ind1=" " ind2=" " tag="337">
            <subfield code="b">n</subfield>
            <subfield code="2">rdamedia</subfield>
          </datafield>
          <datafield ind1=" " ind2=" " tag="338">
            <subfield code="b">nc</subfield>
            <subfield code="2">rdacarrier</subfield>
          </datafield>
          <datafield ind1=" " ind2=" " tag="580">
            <subfield code="a">In: Schweizerische Zeitschrift für Religions- und Kulturgeschichte. Freiburg. - Jg. 107(2013), S. 157-234</subfield>
          </datafield>
          <datafield ind1="1" ind2="7" tag="600">
            <subfield code="a">Python, Margareth</subfield>
            <subfield code="0">(RERO)A024197997</subfield>
            <subfield code="2">rero</subfield>
          </datafield>
          <datafield ind1=" " ind2="7" tag="650">
            <subfield code="a">Sorcières</subfield>
            <subfield code="0">(IDREF)030946255</subfield>
            <subfield code="2">idref</subfield>
          </datafield>
          <datafield ind1=" " ind2="7" tag="650">
            <subfield code="a">17e siècle (1re moitié)</subfield>
            <subfield code="0">(RERO)A022591634</subfield>
            <subfield code="2">rero</subfield>
          </datafield>
          <datafield ind1=" " ind2="7" tag="651">
            <subfield code="a">Fribourg (Suisse ; canton)</subfield>
            <subfield code="0">(IDREF)027526852</subfield>
            <subfield code="2">idref</subfield>
          </datafield>
          <datafield ind1=" " ind2="7" tag="655">
            <subfield code="a">Articles de périodiques</subfield>
            <subfield code="0">(IDREF)122706463</subfield>
            <subfield code="2">idref</subfield>
          </datafield>
          <datafield ind1="0" ind2=" " tag="773">
            <subfield code="t">Schweizerische Zeitschrift für Religions- und Kulturgeschichte = Revue suisse d'histoire religieuse et culturelle = Rivista svizzera di storia religiosa e culturale</subfield>
            <subfield code="g">2013/107/157</subfield>
            <subfield code="g">yr:2013</subfield>
            <subfield code="w">(RERO)R003755455-41slsp</subfield>
          </datafield>
          <datafield ind1="0" ind2="1" tag="852">
            <subfield code="a">41SLSP_BCUFR</subfield>
            <subfield code="6">991002959989705509</subfield>
            <subfield code="9">P</subfield>
          </datafield>
          <datafield ind1=" " ind2=" " tag="900">
            <subfield code="a">REROnoselfmerge</subfield>
          </datafield>
        </record>
      </recordData>
      <recordIdentifier>991036265429705501</recordIdentifier>
      <recordPosition>1</recordPosition>
    </record>
  </records>
  <extraResponseData xmlns:xb="http://www.exlibris.com/repository/search/xmlbeans/">
    <xb:exact>true</xb:exact>
    <xb:responseDate>2025-02-05T17:55:30+0100</xb:responseDate>
  </extraResponseData>
</searchRetrieveResponse>